% Encoding: UTF-8

@Book{DeBoor2001ParctGuideToSplines,
  title     = {{A} {P}ractical {G}uide to {S}plines},
  publisher = {Springer-Verlag New York},
  year      = {1978},
  author    = {C. de Boor},
  volume    = {27},
  edition   = {1st},
  isbn      = {978-0-387-95366-3},
}

@Comment{jabref-meta: databaseType:bibtex;}
